@article{einstein1905,
    author = {Einstein, Albert},
    title = {Does the Inertia of a Body Depend Upon Its Energy Content?},
    journal = {Annalen der Physik},
    volume = {323},
    number = {13},
    pages = {639--641},
    year = {1905},
}

@book{latexcompanion,
    author = {Goossens, Michel and Mittelbach, Frank and Samarin, Alexander},
    title = {The \LaTeX\ Companion},
    year = {1993},
    publisher = {Addison-Wesley},
}
This code will include a citation to Einstein's paper and a book titled "The LaTeX Companion" in your bibliography. Don't forget to run LaTeX, BibTeX, and LaTeX again in the sequence to generate correct references.





